<?xml version="1.0" encoding="UTF-8"?><collection xmlns="http://www.loc.gov/MARC21/slim"><record><leader>00381nam--2200121-i-4500</leader><controlfield tag="001">000013822</controlfield><controlfield tag="002">20161230</controlfield><controlfield tag="005">20161230201030</controlfield><controlfield tag="008">060222s1000------------r-----000-0-eng-d</controlfield><datafield ind1=" " ind2=" " tag="080"><subfield code="a">528(083.53)</subfield></datafield><datafield ind1=" " ind2=" " tag="245"><subfield code="a">Astronomisch-geodatische arbeiten. 1. ordung telegraphische lagenbestimmungen in den jahren 1980, 1981 und 1983</subfield></datafield><datafield ind1=" " ind2=" " tag="260"><subfield code="a">Berlin, Druck Und Verlag , 1985 241 P</subfield></datafield><datafield ind1=" " ind2=" " tag="852"><subfield code="a">47589</subfield></datafield></record></collection>